@InProceedings{globus,
	author = 			 {Ian Foster and Carl Kesselman},
	title = 			 {{Globus: A Metacomputing Infrastructure Toolkit}},
	booktitle = 	 {Intl J. Supercomputer Applications},
	OPTcrossref =  {},
	OPTkey = 			 {},
	pages = 		   {115-128},
	year = 		     {1997},
	OPTeditor = 	 {},
	volume = 	     {11(2)},
	OPTnumber = 	 {},
	OPTseries = 	 {},
	OPTaddress = 	 {},
	OPTmonth = 		 {},
	OPTorganization = {},
	OPTpublisher = {},
	OPTnote = 		 {},
	OPTannote = 	 {}
}

@Misc{EGEE,
  key = {EGEE},
  title = {Enabling Grid For E-sciencE},
  howpublished = {http://cern.ch/egee-intranet/gateway.html},
  year = {}
}

@Misc{root,
  OPTkey = 	 {},
  author = 	 {},
  title = 	 {{ROOT, an Object-Oriented Data Analysis Framework}},
  howpublished = {http://root.cern.ch},
  OPTmonth = 	 {},
  year = 	     {},
  OPTnote = 	 {},
  OPTannote =  {}
}

@Misc{castor,
  OPTkey = 	 {},
  author = 	 {},
  title = 	 {{The CASTOR project}},
  howpublished = {http://cern.ch/castor},
  OPTmonth = 	 {},
  year = 	     {},
  OPTnote = 	 {},
  OPTannote =  {}
}

@InProceedings{msst04,
  author = 	 {Olof B\"arring and Benjamin Couturier and Jean-Damien Durand and Emil Knezo and S\'ebastien Ponce},
  title = 	 {{Storage Resource sharing with CASTOR}},
  booktitle = {NASA/IEEE MSST Conference, Proceedings},
  volume =   {},
  pages = 	 {},
  year = 	   {2004},
  month = 	 {April},
  publisher = {{IEEE Computer society}},
  note = {http://cern.ch\-/castor\-/presentations\-/2004}
}


@Misc{SRM,
  OPTkey = 	 {},
  author = 	 {{Storage Resource Management Working Group}},
  title = 	 {{Storage Resource Manager specifications}},
  howpublished = {http://sdm.lbl.gov/srm-wg},
  OPTmonth = 	 {},
  OPTyear = 	 {},
  OPTnote = 	 {},
  OPTannote =  {}
}


@InProceedings{srmmsst07,
  author = 	{{SRM collaboration}},
  title = 	{Storage Resource Managers: recent international experience on requirements and multiple co-operating implementations},
  booktitle =   {IEEE-NASA MSST Conference, Proceedings},
  year = 	{2007},
  month =       {September},
  publisher =   {IEEE Computer society},
}


@Misc{MAUI,
  OPTkey = 	 {},
  author = 	 {{Cluster Resources Inc.}},
  title = 	 {{Maui Cluster Scheduler$^{TM}$}},
  howpublished = {http://\-www\-.clusterresources\-.com/\-pages/\-products/maui-cluster-scheduler.php},
  OPTmonth = 	 {},
  OPTyear = 	 {},
  OPTnote = 	 {},
  OPTannote =  {}
}


@Misc{LSF,
  OPTkey = 	 {},
  author = 	 {{Platform Computing}},
  OPTtitle = 	 {},
  howpublished = {http://www.platform.com},
  OPTmonth = 	 {},
  OPTyear = 	 {},
  OPTnote = 	 {},
  OPTannote =  {}
}

@InProceedings{chepmon,
  author = 	 {Alasdair Earl and {M. Coelho Dos Santos}},
  title = 	 {{Portable Monitoring for Castor2}},
  booktitle =    {CHEP Proceedings},
  year = 	 {2007},
  month =        {September},
  publisher =    {},
}

@Misc{lemon,
  OPTkey = 	 {},
  OPTauthor =  {},
  title = 	 {{LEMON - LHC Era Monitoring}},
  howpublished = {http://cern.ch/lemon},
  OPTmonth = 	 {},
  OPTyear = 	 {},
  OPTnote = 	 {},
  OPTannote =  {}
}

@Misc{xroot,
  OPTkey = 	 {},
  OPTauthor =  {},
  title = 	 {{The Scalla Software Suite: xrootd/olbd}},
  howpublished = {http://xrootd\-.slac\-.stanford\-.edu},
  OPTmonth = 	 {},
  OPTyear = 	 {},
  OPTnote = 	 {},
  OPTannote =  {}
}

@inproceedings{VOMS,
  author    = {{R. Alfieri, R. Cecchini et al.}},
  title     = {{VOMS}, an Authorization System for Virtual Organizations},
  booktitle = {European Across Grids Conference},
  year      = {2003},
  pages     = {33-40},
  ee        = {http://springerlink.metapress.com/openurl.asp?genre=article{\&}issn=0302-9743{\&}volume=2970{\&}spage=33},
  crossref  = {DBLP:conf/eagc/2003},
  bibsource = {DBLP, http://dblp.uni-trier.de}
}

@Misc{LHC,
  OPTkey = 	 {},
  author = 	 {},
  title = 	 {{LHC - The Large Hadron Collider}},
  howpublished = {http://cern.ch/lhc},
  OPTmonth = 	 {},
  OPTyear = 	 {},
  OPTnote = 	 {},
  OPTannote = 	 {}
}

@proceedings{DBLP:conf/eagc/2003,
  editor    = {F. Fern{\'a}ndez Rivera and
               Marian Bubak and
               A. G{\'o}mez Tato and
               Ramon Doallo},
  title     = {Grid Computing, First European Across Grids Conference,
               Santiago de Compostela, Spain, February 13-14, 2003, Revised
               Papers},
  booktitle = {European Across Grids Conference},
  publisher = {Springer},
  series    = {Lecture Notes in Computer Science},
  volume    = {2970},
  year      = {2004},
  isbn      = {3-540-21048-2},
  bibsource = {DBLP, http://dblp.uni-trier.de}
}

@Misc{LCG,
  OPTkey = 	  {},
  OPTauthor = {},
  title = 	 {{The Worldwide LHC Computing Grid}},
  howpublished = {http://cern.ch/LCG},
  OPTmonth = 	 {},
  OPTyear = 	 {},
  OPTnote = 	 {},
  OPTannote =  {}
}

@Misc{HPSS,
  OPTkey =       {},
  OPTauthor =    {},
  title =        {{IBM High Performance Storage System}},
  howpublished = {http://www.hpss-collaboration.org/},
  OPTmonth =     {},
  OPTyear =      {},
  OPTnote =      {},
  OPTannote =  {}
}

@Misc{EDGStorage,
  OPTkey =       {},
  OPTauthor =    {},
  title =        {{EDG Review of Grid data systems}},
  howpublished = {https://edms.cern.ch/ document/336677/1.5},
  OPTmonth =     {},
  OPTyear =      {},
  OPTnote =      {},
  OPTannote =  {}
}

